@Misc{wikiCR,
	howpublished = "\url{http://en.wikipedia.org/wiki/Cognitive_radio}",
}

@Article{repFCC,
	author = "Federal Communications Commission",
	title = "Spectrum Policy Task Force",
	month = "November",
	year = 2002,
	journal = "ET Docket No. 02-135",
}
